@book{terraformUpAndRunning,
  title     = {Terraform: Up and Running},
  author    = {Yevgeniy Brikman},
  year      = {2018},
  publisher = {O'Reilly Media}
}

@manual{terraformDoc,
  title        = {Terraform Documentation},
  organization = {HashiCorp},
  year         = {2025},
  url          = {https://www.terraform.io/docs}
}

@book{terraformForDevOps,
  title     = {Terraform for DevOps: Infrastructure Automation with Terraform},
  author    = {Mitchell Hashimoto},
  year      = {2021},
  publisher = {Manning Publications},
  url       = {https://www.manning.com/books/terraform-for-devops}
}

@book{terraformKubernetes,
  title     = {Terraform for Kubernetes: Infrastructure Automation for Kubernetes Clusters},
  author    = {Mihail Anastasov},
  year      = {2022},
  publisher = {Packt Publishing},
  url       = {https://www.packtpub.com/product/terraform-for-kubernetes/9781800564429}
}

@manual{terraformModules,
  title        = {Terraform Modules},
  organization = {HashiCorp},
  url          = {https://www.terraform.io/docs/modules/index.html}
}

@article{gettingStartedTerraform,
  title  = {Getting Started with Terraform},
  author = {HashiCorp},
  year   = {2023},
  url    = {https://learn.hashicorp.com/tutorials/terraform/aws-build}
}

@article{terraformCloudRedHat,
  title  = {How to Use Terraform Cloud for Team Collaboration},
  author = {Red Hat},
  year   = {2023},
  url    = {https://www.redhat.com/sysadmin/terraform-cloud-team-collaboration}
}

@article{terraformWithAWS,
  title  = {Automating AWS Infrastructure with Terraform},
  author = {Joe McDonald},
  year   = {2022},
  url    = {https://www.digitalocean.com/community/tutorials/automating-aws-infrastructure-with-terraform}
}

@article{commonTerraformIssues,
  title  = {Common Terraform Issues and How to Resolve Them},
  author = {TechTarget},
  year   = {2023},
  url    = {https://www.techtarget.com/searchitoperations/tip/Common-Terraform-issues-and-how-to-resolve-them}
}

@manual{terraformGitHub,
  title        = {Terraform GitHub Repository},
  organization = {HashiCorp},
  url          = {https://github.com/hashicorp/terraform}
}

@video{terraformEssentials,
  title  = {Terraform Essentials: Simplify Infrastructure Management},
  author = {HashiCorp},
  year   = {2023},
  url    = {https://learn.hashicorp.com/collections/terraform/intro}
}

@video{terraformTutorials,
  title  = {Terraform Tutorials for Beginners and Experts},
  author = {HashiCorp},
  year   = {2023},
  url    = {https://www.youtube.com/c/HashiCorpTerraform}
}

@manual{terraformBestPractices,
  title        = {Terraform Best Practices},
  organization = {HashiCorp},
  url          = {https://www.terraform.io/docs/cloud/best-practices.html}
}
